@BOOK{TestBook,
author = "Афанасьев, В. В. and Василевский, О. Н.",
title = "Расчеты электрических цепей на программируемых микрокалькуляторах",
address = "М.",
publisher = "Энергоиздат",
year = 1992,
numpages = 190,
language = "russian"
}
@book{loy-modelling,
author = "Лоу А. М.",
title = "Имитационное моделирование",
publisher = "СПб: Питер",
year = 2004,
numpages = 847
}
@article{filinov-os,
author = "Филинов Е.",
title = "Выбор и разработка концептуальной модели среды открытых систем",
journal = "Открытые системы",
number = 6,
year = 1995
}
@misc{ieee,
title = {{IEEE Std 1003.0-1995 IEEE Guide to the POSIX® Open System Environment (OSE)}},
year = 1995
}
@book{toff,
author = "Toffoli T.",
title = "Cellular Automata Machines: A New Environment for Modelling",
publisher = "Cambridge, USA: MIT Press",
year = 1987,
numpages = 259
}
@book{il,
author = "Ilachinski A.",
title = "Cellular automata: a discrete universe",
publisher = "Singapore: World Scientific",
year = 2001,
numpages = 808
}
@book{booch,
author = "Booch G.",
title = "Object-Oriented Analysis and Design with Applications",
publisher = "Boston, USA: Addison-Wesley",
year = 2008,
numpages = 721
}
@article{dense-mst,
author = "Frank Dehne",
title = "Practical Parallel Algorithms for Minimum Spanning Trees",
journal = "{http://people.scs.carleton.ca/$\sim$dehne/publications/2-47.pdf}",
year = 1998
}
@article{boruvka-prima,
author = "David A. Bader",
title = "Fast shared-memory algorithms for computing the minimum spanning forest of sparse graphs",
journal = "// Journal of Parallel and Distributed Computing",
publisher = "Academic Press, Inc",
year = 2006,
}
@article{boruvka-cm5,
author = "Sun Chung",
title = "Parallel implementation of Boruvka Minimum Spanning Tree Algorithm",
journal = "http://minds.wisconsin.edu/bitstream/handle/1793/60020/TR1297.pdf",
year = 1996
}
@book{pointer-jumping,
author = "Guy E. Blelloch",
title = "Parallel Algorithms",
journal = "http://homes.cs.washington.edu/$\sim$arvind/cs424/readings/BlellochM96b.pdf",
publisher = "// Carnegie Mellon University",
year = 2004,
}
@book{cormen,
author = "Т. Кормен",
title = "Алгоритмы: построение и анализ",
publisher = "// Вильямс",
year = 2005,
numpages = 1296
}
@article{sparse-matrix-renum,
author = "Elizabeth Cuthill",
title = "Reducing the bandwidth of sparse symmetric matrices",
journal = "// ACM '69 Proceedings of the 1969 24th national conference",
pages = "157--172",
year = 1969,
}
@article{kruskal-parallel,
author = "Vladimir Loncar",
title = "Parallelization of Minimum Spanning Tree Algorithms Using Distributed Memory Architectures",
journal = "// Proceedings of the World Congress on Engineering",
publisher = "IEEE",
year = 2014,
}
@book{shtree,
author = "Белоусов А. И.",
title = "Дискретная математика",
publisher = "// МГТУ",
year = 2006,
pages = "306-311"
}
@book{mst-usage-cluster,
author = "Asano, T.",
title = "Clustering algorithms based on minimum and maximum spanning trees",
journal = "// Fourth Annual Symposium on Computational Geometry",
publisher = "// ACM New York",
year = 1988,
}
@book{mst-usage-image,
author = "Hero, A.",
title = "Image registration with minimum spanning tree algorithm",
publisher = "// IEEE",
journal = "// Image Processing, 2000. Proceedings. 2000 International Conference on",
year = 2000
}
@book{mst-usage-handwrite,
author = "Tapia, Ernesto",
title = "Recognition of On-line Handwritten Mathematical Expressions Using a Minimum Spanning Tree Construction and Symbol Dominance",
publisher = "// Springer Berlin Heidelberg",
year = 2004,
}
@book{mst-usage-network,
author = "Graham, R. L.",
title = "On the history of the minimum spanning tree problem",
year = 1985,
journal = "// IEEE Annals of the History of Computing",
publisher = "// IEEE Educational Activities Department",
}
@article{rmat-graph,
author = "Deepayan Chakrabarti",
title = "{R-MAT: A Recursive Model for Graph Mining}",
year = 2004,
}
@article{ssca2-graph,
author = "David A. Bader",
title = "Design and Implementation of the HPCS Graph Analysis Benchmark on Symmetric Multiprocessors",
journal = "{// HiPC'05 Proceedings of the 12th international conference on High Performance Computing}",
year = 2005,
}
@article{large-graph-a,
author = "D. Migov",
title = "Parallel Implementation of the Factoring Method for Network Reliability Calculation",
year = 2014,
journal = "// Springer Lecture Notes in Computer Science (in ICCSA 2014)",
publisher = "Springer International Publishing",
}
@article{large-graph-b,
author = "Родионов А. С.",
title = "Некоторые вопросы реализации полного перебора (на примере задач надёжности сетей)",
year = 2014,
journal = "// Вестник СибГУТИ. №4",
publisher = "Сибирский государственный университет телекоммуникаций и информатики"
}
@article{large-graph-0,
author = "Kamesh Madduri",
title = "Multithreaded Algorithms for Processing Massive Graphs",
year = 2007,
journal = "// Petascale Computing: Algorithms and Applications",
publisher = "Chapman and Hall/CRC",
}
@article{graph-usage-bio,
author = "Xu, Y.",
title = "Clustering gene expression data using a graph-theoretic approach: an application of minimum spanning trees",
year = 2002,
journal = "// Bioinformatics",
pages = {536--545},
volume = {18},
publisher = "Springer Berlin Heidelberg",
}
@article{bfs-parallel,
author = "Sungpack Hong",
title = "{Efficient Parallel Graph Exploration on Multi-Core CPU and GPU}",
year = 2011,
journal = "// Parallel Architectures and Compilation Techniques",
publisher = "Something",
}
@article{comp-parallel-a,
author = "David A. Bader",
title = "A Comparison of the Performance of List Ranking and Connected Components Algorithms on SMP and MTA Shared Memory Systems",
year = 2004,
}
@article{comp-parallel-b,
author = "Dip Sankar Banerjee",
title = "Hybrid Algorithms for List Ranking and Graph Connected Components",
year = 2011,
journal = "// High Performance Computing (HiPC)"
}
@book{matrix-csr,
author = "Zhaojun Bai",
title = "Templates for the Solution of Algebraic Eigenvalue Problems: A Practical Guide",
year = 2000,
publisher = "{// Society for Industrial and Applied Mathematics Philadelphia}",
}
@article{ackermann,
author = "Chazelle, Bernard",
title = "A minimum spanning tree algorithm with inverse-Ackermann type complexity",
year = 2000,
journal = "// Journal of the ACM (JACM) 47",
publisher = "ACM New York",
}
@techreport{intel-cmpxchg,
Author = "{Intel Corporation}",
   TITLE = "{Intel 64 and IA-32 Architectures Software Developer's Manual Volume 2A: Instruction Set Reference, A-M}",
   HOWPUBLISHED = {Internet Requests for Comments},
   YEAR = {2007},
   MONTH = {December},
   URL={http://www.intel.com/Assets/en_US/PDF/manual/253666.pdf}
}